@ONLINE {gitsource,
    author = "Kjelsrud, and Gulbrandsen, and Jegerud",
    title  = "IMT3881 2020 Prosjekt",
    month  = "mar",
    year   = "2020",
    url    = "https://git.gvk.idi.ntnu.no/casperfg/imt3881-2020-prosjekt/-/tree/master"
}