@online{gitsource,
  author = {Kjelsrud, A. and Gulbrandsen, C.F. and Jegerud, K.},
  title = {IMT3881 2020 Prosjekt},
  year = 2020,
  url = {https://git.gvk.idi.ntnu.no/casperfg/imt3881-2020-prosjekt/-/tree/master},
  urldate = {2020-05-15}
}

@article{claerbout1991scrutiny,
  title={A Scrutiny of the Introduction},
  author={Claerbout, Jon F},
  journal={The Leading Edge},
  volume={10},
  number={1},
  pages={39--41},
  year={1991},
  publisher={Society of Exploration Geophysicists}
}

@article{landes1951scrutiny,
  title={A Scrutiny of the Abstract},
  author={Landes, Kenneth K},
  journal={Bulletin of the American Association of Petroleum Geologists},
  volume={35},
  number={7},
  pages={1660},
  year={1951}
}